@article{chollet2017xception,
  title={Xception: Deep learning with depthwise separable convolutions},
  author={Chollet, Fran{\c{c}}ois},
  booktitle={Proceedings of the IEEE conference on computer vision and pattern recognition},
  pages={1251--1258},
  year={2017}
}

@article{Szegedy_2015_CVPR,
author = {Szegedy, Christian and Liu, Wei and Jia, Yangqing and Sermanet, Pierre and Reed, Scott and Anguelov, Dragomir and Erhan, Dumitru and Vanhoucke, Vincent and Rabinovich, Andrew},
title = {Going Deeper With Convolutions},
booktitle = {The IEEE Conference on Computer Vision and Pattern Recognition (CVPR)},
month = {June},
year = {2015}
}

@article{DBLP:journals/corr/IoffeS15,
  author    = {Sergey Ioffe and
               Christian Szegedy},
  title     = {Batch Normalization: Accelerating Deep Network Training by Reducing
               Internal Covariate Shift},
  journal   = {CoRR},
  volume    = {abs/1502.03167},
  year      = {2015},
  url       = {http://arxiv.org/abs/1502.03167},
  archivePrefix = {arXiv},
  eprint    = {1502.03167},
  timestamp = {Mon, 13 Aug 2018 16:47:06 +0200},
  biburl    = {https://dblp.org/rec/journals/corr/IoffeS15.bib},
  bibsource = {dblp computer science bibliography, https://dblp.org}
}

@articles{szegedy2016rethinking,
  title={Rethinking the inception architecture for computer vision},
  author={Szegedy, Christian and Vanhoucke, Vincent and Ioffe, Sergey and Shlens, Jon and Wojna, Zbigniew},
  booktitle={Proceedings of the IEEE conference on computer vision and pattern recognition},
  pages={2818--2826},
  year={2016}
}

@Misc{kaggle.com,
howpublished = {\url{https://www.kaggle.com/c/deepfake-detection-challenge/data}},
title = {Deepfake Detection Challenge: Identify videos with facial or voice manipulations}
}

@articles{dalal2005histograms,
  title={Histograms of oriented gradients for human detection},
  author={Dalal, Navneet and Triggs, Bill},
  booktitle={2005 IEEE computer society conference on computer vision and pattern recognition (CVPR'05)},
  volume={1},
  pages={886--893},
  year={2005},
  organization={IEEE}
}

@article{mohan2001example,
  title={Example-based object detection in images by components},
  author={Mohan, Anuj and Papageorgiou, Constantine and Poggio, Tomaso},
  journal={IEEE transactions on pattern analysis and machine intelligence},
  volume={23},
  number={4},
  pages={349--361},
  year={2001},
  publisher={IEEE}
}

@article{rossler2019faceforensics++,
  title={Faceforensics++: Learning to detect manipulated facial images},
  author={Rossler, Andreas and Cozzolino, Davide and Verdoliva, Luisa and Riess, Christian and Thies, Justus and Nie{\ss}ner, Matthias},
  booktitle={Proceedings of the IEEE International Conference on Computer Vision},
  pages={1--11},
  year={2019}
}